<record><leader>00000cas a22000007a 4500</leader><controlfield tag="001">20728070</controlfield><controlfield tag="008">891204d1949196uaruwr ne      0    0eng d</controlfield><datafield ind1=" " ind2=" " tag="010"><subfield code="a">sn 89051448 </subfield></datafield><datafield ind1=" " ind2=" " tag="040"><subfield code="a">ANU</subfield><subfield code="b">eng</subfield><subfield code="c">ANU</subfield><subfield code="d">OCLCQ</subfield></datafield><datafield ind1=" " ind2=" " tag="042"><subfield code="a">msc</subfield></datafield><datafield ind1="0" ind2=" " tag="130"><subfield code="a">Stephens star (Stephens, Ark. : 1949)</subfield></datafield><datafield ind1="1" ind2="0" tag="245"><subfield code="a">Stephens star.</subfield></datafield><datafield ind1=" " ind2=" " tag="260"><subfield code="a">Stephens, Ark. :</subfield><subfield code="b">Stephens Pub. Co.</subfield></datafield><datafield ind1=" " ind2=" " tag="300"><subfield code="a">v.</subfield></datafield><datafield ind1=" " ind2=" " tag="310"><subfield code="a">Weekly</subfield></datafield><datafield ind1="1" ind2=" " tag="362"><subfield code="a">Began in 1949.</subfield></datafield><datafield ind1=" " ind2=" " tag="588"><subfield code="a">Description based on: Vol. 1, no. 12 (Dec. 2, 1949).</subfield></datafield><datafield ind1=" " ind2=" " tag="752"><subfield code="a">United States</subfield><subfield code="b">Arkansas</subfield><subfield code="c">Ouachita</subfield><subfield code="d">Camden.</subfield></datafield><datafield ind1="0" ind2="7" tag="785"><subfield code="t">Camden times (Camden, Ark.)</subfield><subfield code="w">(DLC)sn 89051453</subfield></datafield><datafield ind1="0" ind2="7" tag="785"><subfield code="t">Stephens star and the Camden times</subfield><subfield code="w">(DLC)sn 89051455</subfield></datafield></record>